<record><leader>00000cas a22000007a 4500</leader><controlfield tag="001">26891605</controlfield><controlfield tag="008">921030d1uuu1927ctucr ne      0    0eng d</controlfield><datafield ind1=" " ind2=" " tag="010"><subfield code="a">sn 92051444 </subfield></datafield><datafield ind1=" " ind2=" " tag="040"><subfield code="a">CNW</subfield><subfield code="b">eng</subfield><subfield code="c">CNW</subfield><subfield code="d">OCL</subfield><subfield code="d">OCLCQ</subfield><subfield code="d">OCLCF</subfield><subfield code="d">OCLCO</subfield></datafield><datafield ind1="1" ind2=" " tag="029"><subfield code="a">AU@</subfield><subfield code="b">000020739073</subfield></datafield><datafield ind1=" " ind2=" " tag="042"><subfield code="a">msc</subfield></datafield><datafield ind1=" " ind2=" " tag="043"><subfield code="a">n-us-ct</subfield></datafield><datafield ind1="0" ind2=" " tag="130"><subfield code="a">Norwich courier (Norwich, Conn. : 1901)</subfield></datafield><datafield ind1="1" ind2="0" tag="245"><subfield code="a">Norwich courier.</subfield></datafield><datafield ind1=" " ind2=" " tag="260"><subfield code="a">Norwich, Conn. :</subfield><subfield code="b">[Bulletin Co.]</subfield></datafield><datafield ind1=" " ind2=" " tag="300"><subfield code="a">v.</subfield></datafield><datafield ind1=" " ind2=" " tag="310"><subfield code="a">Semiweekly</subfield></datafield><datafield ind1="0" ind2=" " tag="362"><subfield code="a">-v. 128, no. 83 (Nov. 1, 1927).</subfield></datafield><datafield ind1=" " ind2=" " tag="515"><subfield code="a">Issues for Jan. 19, 1904-Dec. 30, 1918 and Jan. 9, 1919-Nov. 1, 1927 also called: Part 1 on Tuesdays and Part 2 on Fridays.</subfield></datafield><datafield ind1=" " ind2=" " tag="515"><subfield code="a">Issues for Jan. 2-6, 1919 lack numbering.</subfield></datafield><datafield ind1=" " ind2=" " tag="580"><subfield code="a">Daily eds.: Norwich morning bulletin, &lt;Aug. 23, 1894&gt;, and: Norwich bulletin (Norwich, Conn.), &lt;Nov. 27, 1895&gt;-1927.</subfield></datafield><datafield ind1=" " ind2=" " tag="588"><subfield code="a">Description based on: Vol. 105, no. 21 (Mar. 12, 1901).</subfield></datafield><datafield ind1=" " ind2="0" tag="651"><subfield code="a">Norwich (Conn.)</subfield><subfield code="v">Newspapers.</subfield></datafield><datafield ind1=" " ind2="7" tag="655"><subfield code="a">Newspapers.</subfield><subfield code="2">fast</subfield><subfield code="0">(OCoLC)fst01423814</subfield></datafield><datafield ind1=" " ind2="7" tag="651"><subfield code="a">Connecticut</subfield><subfield code="z">Norwich.</subfield><subfield code="2">fast</subfield><subfield code="0">(OCoLC)fst01216259</subfield></datafield><datafield ind1=" " ind2=" " tag="752"><subfield code="a">United States</subfield><subfield code="b">Connecticut</subfield><subfield code="c">New London</subfield><subfield code="d">Norwich.</subfield></datafield><datafield ind1="1" ind2=" " tag="775"><subfield code="t">Norwich bulletin (Norwich, Conn.)</subfield><subfield code="w">(DLC)sn 82014086</subfield><subfield code="w">(OCoLC)8766538</subfield></datafield><datafield ind1="1" ind2=" " tag="775"><subfield code="t">Norwich morning bulletin</subfield><subfield code="w">(DLC)sn 82015887</subfield><subfield code="w">(OCoLC)8821726</subfield></datafield><datafield ind1="0" ind2="0" tag="780"><subfield code="t">Norwich weekly courier (Norwich, Conn. : 1860)</subfield><subfield code="w">(DLC)sn 84022587</subfield><subfield code="w">(OCoLC)10494089</subfield></datafield><datafield ind1="0" ind2="7" tag="785"><subfield code="t">Cooley's weekly</subfield><subfield code="w">(DLC)sn 84022589</subfield><subfield code="w">(OCoLC)10494238</subfield></datafield><datafield ind1="0" ind2="7" tag="785"><subfield code="t">Norwich bulletin, Norwich courier, Cooley's weekly</subfield><subfield code="w">(DLC)sn 92051448</subfield></datafield></record>